<record><leader>00000cas a22000007a 4500</leader><controlfield tag="001">22723900</controlfield><controlfield tag="008">901121d19491965wyudn ne      0    0eng d</controlfield><datafield ind1=" " ind2=" " tag="010"><subfield code="a">sn 90051950 </subfield></datafield><datafield ind1=" " ind2=" " tag="040"><subfield code="a">CNQ</subfield><subfield code="b">eng</subfield><subfield code="c">CNQ</subfield><subfield code="d">NVO</subfield><subfield code="d">OCLCQ</subfield></datafield><datafield ind1=" " ind2=" " tag="042"><subfield code="a">msc</subfield></datafield><datafield ind1="0" ind2="0" tag="245"><subfield code="a">Casper morning star.</subfield></datafield><datafield ind1="3" ind2="0" tag="246"><subfield code="a">Casper star</subfield></datafield><datafield ind1=" " ind2=" " tag="260"><subfield code="a">Casper, Wyo. :</subfield><subfield code="b">Star Pub. Co.</subfield></datafield><datafield ind1=" " ind2=" " tag="300"><subfield code="a">v.</subfield></datafield><datafield ind1=" " ind2=" " tag="310"><subfield code="a">Daily (except Monday),</subfield><subfield code="b">July 1957-1965</subfield></datafield><datafield ind1=" " ind2=" " tag="321"><subfield code="a">Frequency varies,</subfield><subfield code="b">1949-June 1957</subfield></datafield><datafield ind1="0" ind2=" " tag="362"><subfield code="a">Vol. 1, no. 1 (Sept. 22, 1949)-v. 17, no. 15 (June 26, 1965).</subfield></datafield><datafield ind1=" " ind2=" " tag="500"><subfield code="a">Sunday issues published jointly with: The Casper tribune-herald, July 1957-1965.</subfield></datafield><datafield ind1=" " ind2="4" tag="651"><subfield code="a">Casper (Wyo.)</subfield><subfield code="v">Newspapers.</subfield></datafield><datafield ind1=" " ind2="4" tag="651"><subfield code="a">Natrona County (Wyo.)</subfield><subfield code="v">Newspapers.</subfield></datafield><datafield ind1=" " ind2=" " tag="752"><subfield code="a">United States</subfield><subfield code="b">Wyoming</subfield><subfield code="c">Natrona</subfield><subfield code="d">Casper.</subfield></datafield><datafield ind1="0" ind2="7" tag="785"><subfield code="t">Casper tribune</subfield><subfield code="w">(DLC)sn 86072162</subfield></datafield><datafield ind1="0" ind2="7" tag="785"><subfield code="t">Casper star-tribune</subfield><subfield code="w">(DLC)sn 83045129</subfield></datafield><datafield ind1="1" ind2=" " tag="029"><subfield code="a">AU@</subfield><subfield code="b">000025854807</subfield></datafield></record>